<?xml version="1.0" encoding="UTF-8"?>
<collection xmlns:xsi="http://www.w3.org/2001/XMLSchema-instance" xsi:schemaLocation="http://www.loc.gov/MARC21/slim http://www.loc.gov/standards/marcxml/schema/MARC21slim.xsd" xmlns="http://www.loc.gov/MARC21/slim">
<record>
  <leader>00837cam a22002291  4500</leader>
  <controlfield tag="001">867052</controlfield>
  <controlfield tag="003">NNC</controlfield>
  <controlfield tag="005">20130423155816.0</controlfield>
  <controlfield tag="008">891009s1904    ua            000 0 ara d</controlfield>
  <datafield tag="035" ind1=" " ind2=" ">
    <subfield code="a">(OCoLC)ocm20458223</subfield>
  </datafield>
  <datafield tag="035" ind1=" " ind2=" ">
    <subfield code="9">AES0529CU</subfield>
  </datafield>
  <datafield tag="035" ind1=" " ind2=" ">
    <subfield code="a">(NNC)867052</subfield>
  </datafield>
  <datafield tag="040" ind1=" " ind2=" ">
    <subfield code="a">ZCU</subfield>
    <subfield code="c">ZCU</subfield>
  </datafield>
  <datafield tag="090" ind1=" " ind2=" ">
    <subfield code="a">B741</subfield>
    <subfield code="b">.K52</subfield>
  </datafield>
  <datafield tag="100" ind1="1" ind2=" ">
    <subfield code="a">Khayrābādī, Muḥammad Faḍl al-Ḥaqq,</subfield>
    <subfield code="d">1797 or 1798-1861 or 1862.</subfield>
  </datafield>
  <datafield tag="245" ind1="1" ind2="3">
    <subfield code="a">al-Hadīyah al-Saʻīdīyah fī al-ḥikmah al-tabīʻīyah.</subfield>
    <subfield code="c">Qạ̄ma bi-tabʻihī wa-taṣḥīḥihī al-shaykh ʻAbd al-Rahmān al-Barqūqī.</subfield>
  </datafield>
  <datafield tag="260" ind1=" " ind2=" ">
    <subfield code="a">Miṣr,</subfield>
    <subfield code="b">Maṭbaʻat Majallat "al-Manār" al-Islāmīyah,</subfield>
    <subfield code="c">1322 h. [1904]</subfield>
  </datafield>
  <datafield tag="300" ind1=" " ind2=" ">
    <subfield code="a">240, 32 p.</subfield>
    <subfield code="c">25 cm.</subfield>
  </datafield>
  <datafield tag="650" ind1=" " ind2="0">
    <subfield code="a">Islamic philosophy.</subfield>
  </datafield>
  <datafield tag="650" ind1=" " ind2="0">
    <subfield code="a">Philosophy of nature.</subfield>
  </datafield>
  <datafield tag="700" ind1="1" ind2=" ">
    <subfield code="a">Barqūqī, ʻAbd al-Raḥmān,</subfield>
    <subfield code="e">editor.</subfield>
  </datafield>
  <datafield tag="955" ind1=" " ind2=" ">
    <subfield code="b">CU01245511</subfield>
    <subfield code="d">off,glx</subfield>
    <subfield code="e">B741 .K52</subfield>
  </datafield>
</record>
</collection>